@book{marshall2011cryosphere,
  title={The cryosphere},
  author={Marshall, Shawn J},
  volume={2},
  year={2011},
  publisher={Princeton University Press}
}

@incollection{holton2004,
title = "An Introduction to Dynamic Meteorology",
author = "James R. Holton",
series = "International Geophysics",
publisher = "Academic Press",
volume = "88",
year = "2004",
issn = "0074-6142",
doi = "https://doi.org/10.1016/S0074-6142(04)80054-8",
url = "http://www.sciencedirect.com/science/article/pii/S0074614204800548"
}

@article{fricker2007active,
  title={An active subglacial water system in West Antarctica mapped from space},
  author={Fricker, Helen Amanda and Scambos, Ted and Bindschadler, Robert and Padman, Laurie},
  journal={Science},
  volume={315},
  number={5818},
  pages={1544--1548},
  year={2007},
  publisher={American Association for the Advancement of Science}
}